@article{lysaker2010metacognition,
  title={Metacognition and schizophrenia: the capacity for self-reflectivity as a predictor for prospective assessments of work performance over six months},
  author={Lysaker, Paul H and Dimaggio, Giancarlo and Carcione, Antonino and Procacci, Michele and Buck, Kelly D and Davis, Louanne W and Nicol{\`o}, Giuseppe},
  journal={Schizophrenia research},
  volume={122},
  number={1-3},
  pages={124--130},
  year={2010},
  publisher={Elsevier}
}
@article{Fernandez2017,
abstract = {{\textless}p{\textgreater}This essay presents and discusses the developing role of virtual and augmented reality technologies in education. Addressing the challenges in adapting such technologies to focus on improving students' learning outcomes, the author discusses the inclusion of experiential modes as a vehicle for improving students' knowledge acquisition. Stakeholders in the educational role of technology include students, faculty members, institutions, and manufacturers. While the benefits of such technologies are still under investigation, the technology landscape offers opportunities to enhance face-to-face and online teaching, including contributions in the understanding of abstract concepts and training in real environments and situations. Barriers to technology use involve limited adoption of augmented and virtual reality technologies, and, more directly, necessary training of teachers in using such technologies within meaningful educational contexts. The author proposes a six-step methodology to aid adoption of these technologies as basic elements within the regular education: training teachers; developing conceptual prototypes; teamwork involving the teacher, a technical programmer, and an educational architect; and producing the experience, which then provides results in the subsequent two phases wherein teachers are trained to apply augmented- and virtual-reality solutions within their teaching methodology using an available subject-specific experience and then finally implementing the use of the experience in a regular subject with students. The essay concludes with discussion of the business opportunities facing virtual reality in face-to-face education as well as augmented and virtual reality in online education.{\textless}/p{\textgreater}},
author = {Fernandez, Manuel},
doi = {10.18870/hlrc.v7i1.373},
issn = {2157-6254},
journal = {Higher Learning Research Communications},
title = {{Augmented-Virtual Reality: How to improve education systems}},
year = {2017}
}
@misc{Dede2009,
abstract = {Immersion is the subjective impression that one is participating in a comprehensive, realistic experience. Interactive media now enable various degrees of digital immersion. The more a virtual immersive experience is based on design strategies that combine actional, symbolic, and sensory factors, the greater the participant's suspension of disbelief that she or he is "inside" a digitally enhanced setting. Studies have shown that immersion in a digital environment can enhance education in at least three ways: by allowing multiple perspectives, situated learning, and transfer. Further studies are needed on the capabilities of immersive media for learning, on the instructional designs best suited to each type of immersive medium, and on the learning strengths and preferences these media develop in users.},
author = {Dede, Chris},
booktitle = {Science},
doi = {10.1126/science.1167311},
issn = {00368075},
pmid = {19119219},
title = {{Immersive interfaces for engagement and learning}},
year = {2009}
}
@article{Pan2006,
abstract = {This paper explores educational uses of virtual learning environment (VLE) concerned with issues of learning, training and entertainment. We analyze the state-of-art research of VLE based on virtual reality and augmented reality. Some examples for the purpose of education and simulation are described. These applications show that VLE can be means of enhancing, motivating and stimulating learners' understanding of certain events, especially those for which the traditional notion of instructional learning have proven inappropriate or difficult. Furthermore, the users can learn in a quick and happy mode by playing in the virtual environments. {\textcopyright} 2005 Elsevier Ltd. All rights reserved.},
author = {Pan, Zhigeng and Cheok, Adrian David and Yang, Hongwei and Zhu, Jiejie and Shi, Jiaoying},
doi = {10.1016/j.cag.2005.10.004},
issn = {00978493},
journal = {Computers and Graphics (Pergamon)},
keywords = {Cooperative/collaborative,Edutainment,Mixed reality,Virtual learning environment (VLE),Virtual reality},
title = {{Virtual reality and mixed reality for virtual learning environments}},
year = {2006}
}
@article{Legaki2020,
abstract = {Gamification is increasingly employed in learning environments as a way to increase student motivation and consequent learning outcomes. However, while the research on the effectiveness of gamification in the context of education has been growing, there are blind spots regarding which types of gamification may be suitable for different educational contexts. This study investigates the effects of the challenge-based gamification on learning in the area of statistics education. We developed a gamification approach, called Horses for Courses, which is composed of main game design patterns related to the challenge-based gamification; points, levels, challenges and a leaderboard. Having conducted a 2 (read: yes vs. no) x 2 (gamification: yes vs. no) between-subject experiment, we present a quantitative analysis of the performance of 365 students from two different academic majors: Electrical and Computer Engineering (n=279), and Business Administration (n=86). The results of our experiments show that the challenge-based gamification had a positive impact on student learning compared to traditional teaching methods (compared to having no treatment and treatment involving reading exercises). The effect was larger for females or for students at the School of Electrical and Computer Engineering.},
author = {Legaki, Nikoletta Zampeta and Xi, Nannan and Hamari, Juho and Karpouzis, Kostas and Assimakopoulos, Vassilios},
doi = {10.1016/j.ijhcs.2020.102496},
issn = {10959300},
journal = {International Journal of Human Computer Studies},
keywords = {Applications in education,Gamification,Human-Computer interface,Statistics education,Teaching forecasting},
title = {{The effect of challenge-based gamification on learning: An experiment in the context of statistics education}},
year = {2020}
}
@misc{FigueroaFlores2015,
abstract = {One major competence for learners in the 21st century is acquiring a second language (L2). Based on this, L2 instruction has integrated new concepts to motivate learners in their pursue of achieving fluency. A concept that is adaptable to digital natives and digital immigrants that are learning a L2 is Gamification. As a pedagogical strategy, Gamification is basically new, but it has been used successfully in the business world. Gamification not only uses game elements and game design techniques in non-game contexts (Werbach {\&} Hunter, 2012), but also empowers and engages the learner with motivational skills towards a learning approach and sustaining a relax atmosphere. This personality factor as Brown (1994) addresses is fundamental in the teaching and learning of L2. This article covers aspects regarding language, second language learning methodology and approaches, an overview of the integration of technology towards L2 instruction, Gamification as a concept, motivational theory, educational implications for integrating the strategy effectively, and current applications used. It also calls for a necessity of empirical evidence and research in regards to the strategy.},
author = {{Figueroa Flores}, Jorge Francisco},
booktitle = {Digital Education Review},
doi = {10.1344/der.2015.27.32-54},
issn = {20139144},
keywords = {Gamification,Motivational theory,Second language learning,Student engagement},
title = {{Using Gamification to enhance second language learning}},
year = {2015}
}
@article{HederichMartinez2019,
abstract = {{\textless}p{\textgreater}El art{\'{i}}culo es una revisi{\'{o}}n cr{\'{i}}tica del modelo de patrones de aprendizaje de J. Vermunt para la consideraci{\'{o}}n de diferencias individuales en el aprendizaje. Luego de una descripci{\'{o}}n del modelo, sus principales caracter{\'{i}}sticas y el instrumento ILS ({\textless}em{\textgreater}Inventory of Learning Styles{\textless}/em{\textgreater}) utilizado para su operacionalizaci{\'{o}}n, el escrito lleva a cabo un an{\'{a}}lisis cr{\'{i}}tico de tres de los aspectos que se consideran problem{\'{a}}ticos en la propuesta: la definici{\'{o}}n del patr{\'{o}}n “no dirigido” y su operacionalizaci{\'{o}}n en ILS; el sesgo cultural euroc{\'{e}}ntrico presente en el modelo y el bajo grado de concordancia entre el modelo y los par{\'{a}}metros de lo que se concibe como educaci{\'{o}}n formal en el contexto universitario. El art{\'{i}}culo concluye con una serie de propuestas constructivas que pretenden contribuir a precisar y universalizar el modelo.{\textless}/p{\textgreater}},
author = {{Hederich Mart{\'{i}}nez}, Christian and {Camargo Uribe}, Angela},
doi = {10.17227/rce.num77-9469},
journal = {Revista Colombiana de Educaci{\'{o}}n},
month = {mar},
number = {77 SE  -},
title = {{Revisi{\'{o}}n cr{\'{i}}tica del modelo de patrones de aprendizaje de J. Vermunt}},
url = {https://revistas.pedagogica.edu.co/index.php/RCE/article/view/9469},
volume = {1},
year = {2019}
}

@inbook{Rivera2013,
abstract = {In this chapter, we paint in broad strokes issues on pattern generalization in school mathematical contexts that we explore in this book over several chapters. We clarify what we mean by patterns, structures, and pattern generalization activity. Readers are also introduced to the basic characteristic features of our proposed theory of graded pattern generalization processing. We end the chapter with an overview of the remaining chapters.},
address = {Dordrecht},
author = {Rivera, Ferdinand},
booktitle = {Teaching and Learning Patterns in School Mathematics: Psychological and Pedagogical Considerations},
doi = {10.1007/978-94-007-2712-0_1},
isbn = {978-94-007-2712-0},
pages = {1--24},
publisher = {Springer Netherlands},
title = {{Introduction}},
url = {https://doi.org/10.1007/978-94-007-2712-0{\_}1},
year = {2013}
}

@book{Clements2014,
abstract = {In this important book for pre- and in- service teachers, early math experts Douglas Clements and Julie Sarama show how “learning trajectories” help diagnose a child's level of mathematical under- standing and provide guidance for teaching. By focusing on the inherent delight and curiosity behind young children's mathematical reasoning, learning trajectories ultimately make teaching more joyous. They help teachers understand the varying levels of knowledge exhibited by individual students, which, in turn, allows them to better meet the learning needs of all children. Using straight- forward, no- nonsense language, this book summarizes the current research about how children learn mathematics, and how teachers can build on what children already know to realize more effec- tive teaching. This second edition of Learning and Teaching Early Math remains the defi nitive, research- based resource to help teachers understand the learning trajectories of early mathematics and thus to become quintessential professionals. Updates to the new edition include: • Explicit connections between “learning trajectories” and the Common Core State Standards; • New coverage of patterns and patterning; • The incorporation of hundreds of recent research studies. Douglas},
author = {Clements, Douglas; and Sarama, Julie.},
booktitle = {Routledge},
title = {{Learning and Teaching Early Math. The Learning Trajectories Approach}},
year = {2014}
}

@article{GonzalezAguna2015,
abstract = {Las nuevas modalidades de aprendizaje, tanto las totalmente virtuales como las mixtas, han tra{\'{i}}do consigo no solo una revoluci{\'{o}}n en cuanto a los recursos materiales, sino que tambi{\'{e}}n han supuesto un cambio en la perspectiva sobre la educaci{\'{o}}n. Las Tecnolog{\'{i}}as de la Informaci{\'{o}}n y la Comunicaci{\'{o}}n (T.I.C.) (Su{\'{a}}rez, 2007; Alas y Bartolom{\'{e}}, 2003) han permitido la creaci{\'{o}}n masiva de contenidos digitales de muy diverso tipo. Sin embargo, una vez hemos podido experimentar ya las posibilidades de medios como Internet, queda la tarea de reflexionar sobre lo acontecido hasta el momento y las implicaciones que representan para el futuro. Si adem{\'{a}}s tenemos en cuenta la creciente necesidad de optimizar esfuerzos (porque hay que trabajar r{\'{a}}pido ya que la informaci{\'{o}}n es cambiante, hay dificultades para conseguir inversi{\'{o}}n econ{\'{o}}mica, etc.) obtenemos como resultado la aparici{\'{o}}n y aceptaci{\'{o}}n de ideas como la de patrones de Christopher Alexander para aplicar en educaci{\'{o}}n. As{\'{i}}, el presente trabajo ha elaborado un ejercicio de s{\'{i}}ntesis de las ideas y reflexiones principales sobre la educaci{\'{o}}n actual, el e-learning, sus consecuencias en la creaci{\'{o}}n de contenidos, y m{\'{a}}s concretamente, sobre todo lo que implican los patrones de Alexander para la construcci{\'{o}}n de contenidos y el favorecimiento de la comunicaci{\'{o}}n},
author = {{Gonz{\'{a}}lez Agu{\~{n}}a}, Alexandra},
journal = {Revista de Educaci{\'{o}}n a Distancia (RED)},
month = {jul},
number = {31 SE  -},
title = {{Patrones en aprendizaje: Concepto, aplicaci{\'{o}}n y dise{\~{n}}o de un patr{\'{o}}n}},
url = {https://revistas.um.es/red/article/view/232811},
volume = {0},
year = {2015}
}

@incollection{SainzdeVicuna2000,
abstract = {Este libro presenta un modelo integrador a varios niveles: expresivo, sensorial-psicomotor, relacional-social y cognitivo. Con una s{\'{i}}ntesis de las caracter{\'{i}}sticas del ni{\~{n}}o de esta edad y, a partir de aqu{\'{i}}, el estudio de la funci{\'{o}}n de la escuela infantil, aborda el curr{\'{i}}culum, Programa y programaci{\'{o}}n, los objetivos, la organizaci{\'{o}}n del espacio-aula, los contenidos (actividades y experiencias), concediendo una gran importancia al aspecto l{\'{u}}dico.},
author = {{Sainz de Vicu{\~{n}}a}, Paloma},
booktitle = {Ciclo formativo de Grado Superior en Educaci{\'{o}}n Infantil},
isbn = {84-369-3375-3},
title = {{Did{\'{a}}ctica de la Educaci{\'{o}}n Infantil}},
year = {2000}
}

@misc{Chaves2020,
abstract = {El inter{\'{e}}s de estudio de esta investigaci{\'{o}}n es ahondar en la reflexi{\'{o}}n pedag{\'{o}}gica sobre las caracter{\'{i}}sticas y circunstancias de la Educaci{\'{o}}n Virtual pensada desde el concepto de cibercultura introducido por Levy (2007) y no tanto en sus dominios did{\'{a}}cticos de los que ya existe suficiente informaci{\'{o}}n e investigaci{\'{o}}n continua. 5 Se trata de indagar sobre c{\'{o}}mo la cibercultura cambia las formas de ser, de saber y de estar en el mundo y qu{\'{e}} relaciones tienen estos cambios con la Educaci{\'{o}}n Virtual, de la misma manera que surge la pregunta sobre c{\'{o}}mo deb{\'{i}}an incorporarse estos aspectos te{\'{o}}ricos de la cibercultura en el discurso y la pr{\'{a}}ctica pedag{\'{o}}gica de la Educaci{\'{o}}n Virtual.},
author = {Chaves, Elizabeth Andrea Tabla},
keywords = {http://hdl.handle.net/11349/22972},
mendeley-groups = {AR in education},
mendeley-tags = {http://hdl.handle.net/11349/22972},
pages = {241},
title = {{CIBERCULTURA Y EDUCACI{\'{O}}N VIRTUAL}},
year = {2020}
}

@incollection{Kipper2013,
address = {Boston},
author = {Kipper, Gregory},
doi = {https://doi.org/10.1016/B978-1-59-749733-6.00001-2},
editor = {Kipper, Gregory B T - Augmented Reality},
isbn = {978-1-59749-733-6},
pages = {1--27},
publisher = {Syngress},
title = {{Chapter 1 - What Is Augmented Reality?}},
url = {http://www.sciencedirect.com/science/article/pii/B9781597497336000012},
year = {2013}
}

@article{Huotari2017,
abstract = {“Gamification” has gained considerable scholarly and practitioner attention; however, the discussion in academia has been largely confined to the human–computer interaction and game studies domains. Since gamification is often used in service design, it is important that the concept be brought in line with the service literature. So far, though, there has been a dearth of such literature. This article is an attempt to tie in gamification with service marketing theory, which conceptualizes the consumer as a co-producer of the service. It presents games as service systems composed of operant and operand resources. It proposes a definition for gamification, one that emphasizes its experiential nature. The definition highlights four important aspects of gamification: affordances, psychological mediators, goals of gamification and the context of gamification. Using the definition the article identifies four possible gamifying actors and examines gamification as communicative staging of the service environment.},
author = {Huotari, Kai and Hamari, Juho},
doi = {10.1007/s12525-015-0212-z},
issn = {14228890},
journal = {Electronic Markets},
mendeley-groups = {AR in education},
title = {{A definition for gamification: anchoring gamification in the service marketing literature}},
year = {2017}
}

@article{GonzalezAlonso2017,
abstract = {Se trata la gamificaci{\'{o}}n y su funci{\'{o}}n motivadora en el aula de Educaci{\'{o}}n Primaria. Se investiga sobre la importancia que tiene la motivaci{\'{o}}n para lograr un aprendizaje apropiado. Tambi{\'{e}}n se define y explica el t{\'{e}}rmino de gamificaci{\'{o}}n y su aplicaci{\'{o}}n al aprendizaje de ingl{\'{e}}s como lengua extranjera. Adem{\'{a}}s se comentan y explican algunas herramientas TIC que pueden servir para llevar a cabo esta metodolog{\'{i}}a. La parte pr{\'{a}}ctica muestra una propuesta de aplicaci{\'{o}}n de la gamificaci{\'{o}}n realizada en 2{\textordmasculine} de Primaria, en ella se explica el dise{\~{n}}o que se puso en marcha y los resultados y conclusiones obtenidas del mismo.},
author = {{Gonz{\'{a}}lez Alonso}, David},
journal = {Universidad de Burgos},
pages = {1--59},
title = {{La Gamificaci{\'{o}}n como elemento motivador en la ense{\~{n}}anza de una Segunda Lengua en Educaci{\'{o}}n Primaria.}},
url = {https://riubu.ubu.es/bitstream/handle/10259/4674/Gonz{\%}E1lez{\_}Alonso.pdf;jsessionid=6D648DB659D282058CD34437B84E3CBF?sequence=1},
year = {2017}
}


@book{kapp2012gamification,
	title={The Gamification of Learning and Instruction: Game-based Methods and Strategies for Training and Education},
	author={Kapp, K.M.},
	isbn={9781118191989},
	url={https://books.google.com.co/books?id=GLr81qqtELcC},
	year={2012},
	publisher={Wiley}
}

@inproceedings{kiryakova2014gamification,
	title={Gamification in education},
	author={Kiryakova, Gabriela and Angelova, Nadezhda and Yordanova, Lina},
	year={2014},
	organization={Proceedings of 9th International Balkan Education and Science Conference}
}

@article{santacruz2005automatizacion,
	title={Automatizaci{\'o}n de los procesos para la generaci{\'o}n, ensamblaje y reutilizaci{\'o}n de objetos de aprendizaje},
	author={Santacruz Valencia, Liliana Patricia},
	year={2005}
}
